@article{gaskett,
  title={Q-learning in Continuous State and Action Spaces},
  author={Gaskett, Chris and Wettergreen, David and Zelinsky, Alexander},
  booktitle={Australian Joint Conference on Artificial Intelligence},
  pages={417-428},
  year={1999},
  organization={Springer}
}

@article{werbos,
  title={Beyond Regression: New Tools for Prediction and Analysis in the Behavioral Sciences},
  author={Werbos, Paul},
  year={1974}
}

@article{dini,
  title={Combining Q-Learning with Artificial Neural Networks in an Adaptive Light Seeking Robot},
  author={Dini, Steve and Serrano, Mark},
  year={2012},
  publisher={Citeseer}
}

@techreport{macleod,
  title={An Introduction to Practical Neural Networks and Genetic Algorithms For Engineers and Scientists},
  author={MacLeod, Christopher},
  institution={Robert Gordon University},
  year={2010},
  pages={16-27}
}

@misc{dongsoo,
  title = {Multi-Layer Perceptron: Artificial Neural Networks},
  howpublished = {\url{http://www.cse.unsw.edu.au/~cs9417ml/MLP2/}},
  author={Kim, Dong Soo and Papagelis, Anthony J.}
}

@book{dudek,
  author = {Dudek, Gregory and Jenkin, Michael},
  title = {Computational Principles of Mobile Robotics},
  year = {2000},
  isbn = {0-521-56876-5},
  publisher = {Cambridge University Press},
  address = {New York, NY, USA},
  pages = {38-42}
}

@phdthesis{watkins,
  title={Learning from delayed rewards},
  author={Watkins, Christopher John Cornish Hellaby},
  year={1989},
  school={University of Cambridge England}
}

@phdthesis{rummery,
  title={Problem solving with reinforcement learning},
  author={Rummery, Gavin Adrian},
  year={1995},
  school={University of Cambridge Ph. D. dissertation}
}

@article{baird,
  title={Reinforcement learning with high-dimensional, continuous actions},
  author={Baird, Leemon C and Klopf, A Harry},
  journal={Wright Laboratory, Wright-Patterson Air Force Base, Tech. Rep. WL-TR-93-1147},
  year={1993}
}

@article{geoffrey,
  title={A survey of robot programming systems},
  author={Biggs, Geoffrey and MacDonald, Bruce},
  booktitle={Proceedings of the Australasian conference on robotics and automation},
  pages={1-3},
  year={2003}
}

@article{reed,
  title={Pruning algorithms-a survey},
  author={Reed, Russell},
  journal={Neural Networks, IEEE Transactions on},
  volume={4},
  number={5},
  pages={740--747},
  year={1993},
  publisher={IEEE}
}

@article{adam,
  title={Experience replay for real-time reinforcement learning control},
  author={Adam, Sander and Bu{\c{s}}oniu, Lucian and Babu{\v{s}}ka, Robert},
  journal={Systems, Man, and Cybernetics, Part C: Applications and Reviews, IEEE Transactions on},
  volume={42},
  number={2},
  pages={201--212},
  year={2012},
  publisher={IEEE}
}

@article{spall,
  title={Multivariate stochastic approximation using a simultaneous perturbation gradient approximation},
  author={Spall, James C},
  journal={Automatic Control, IEEE Transactions on},
  volume={37},
  number={3},
  pages={332--341},
  year={1992},
  publisher={IEEE}
}

@article{zeiler,
  title={ADADELTA: an adaptive learning rate method},
  author={Zeiler, Matthew D},
  journal={arXiv preprint arXiv:1212.5701},
  year={2012}
}
