@article{dini,
  title={Combining Q-Learning with Artificial Neural Networks in an Adaptive Light Seeking Robot},
  author={Dini, Steve and Serrano, Mark},
  year={2012},
  publisher={Citeseer}
}

@article{gaskett,
  title={Q-learning in Continuous State and Action Spaces},
  author={Gaskett, Chris and Wettergreen, David and Zelinsky, Alexander},
  booktitle={Australian Joint Conference on Artificial Intelligence},
  pages={417-428},
  year={1999},
  organization={Springer}
}

@article{mnih2013playing,
  title={Playing atari with deep reinforcement learning},
  author={Mnih, Volodymyr and Kavukcuoglu, Koray and Silver, David and Graves, Alex and Antonoglou, Ioannis and Wierstra, Daan and Riedmiller, Martin},
  journal={arXiv preprint arXiv:1312.5602},
  year={2013}
}

@article{zeiler2012adadelta,
  title={ADADELTA: an adaptive learning rate method},
  author={Zeiler, Matthew D},
  journal={arXiv preprint arXiv:1212.5701},
  year={2012}
}

@article{reed1993pruning,
  title={Pruning algorithms-a survey},
  author={Reed, Russell},
  journal={Neural Networks, IEEE Transactions on},
  volume={4},
  number={5},
  pages={740--747},
  year={1993},
  publisher={IEEE}
}